@misc{THEOCC,
  title = {{Annual Volume and Open Interest Statistics}},
  author = {{Options Clearing Corporation}},
  howpublished = {\url{https://www.theocc.com/Market-Data/Market-Data-Reports/Volume-and-Open-Interest/Historical-Volume-Statistics}},
  date = {08/06/2022},
  note = {Accessed: 08-06-2022}
}